2201 3643
560 700 1080 763 EPIGRAMM
1090 701 1279 761 ATA

909 1075 927 1118 Ι

261 1218 329 1261 De
349 1233 440 1274 qua
467 1233 600 1274 saepe
621 1217 706 1261 tibi
734 1221 877 1273 uenit,
909 1217 1006 1271 sed,
1029 1217 1198 1266 Tucca,
1225 1218 1382 1262 uidere

378 1289 479 1333 Non
509 1289 643 1333 licet:
675 1289 904 1334 occulitur
923 1289 1083 1333 limine
1111 1289 1267 1333 clausa
1290 1293 1396 1334 uiri.

262 1360 329 1404 De
356 1376 447 1416 qua
480 1377 615 1417 saepe
640 1360 725 1404 tihi
754 1377 846 1405 non
863 1364 991 1405 uenit
1009 1360 1163 1405 adhuc
1191 1360 1323 1412 mihi,
1348 1378 1548 1418 namque

381 1431 427 1474 Si
462 1431 703 1484 occulitur,
729 1432 861 1488 longe
884 1440 950 1476 est
969 1442 1152 1488 tangere
1179 1432 1303 1489 quod
1327 1449 1543 1490 nequeas.

173 1516 199 1544 ο
261 1502 460 1554 Venerit,
483 1502 643 1546 audiui
669 1514 679 1557 ς
710 1503 789 1547 sed
811 1507 902 1547 iarn
922 1502 1036 1546 mihi
1065 1504 1256 1547 nuntius
1285 1506 1370 1547 iste

380 1574 504 1628 Quid
532 1573 718 1630 prodest
745 1575 766 1618 ‘3
793 1575 862 1618 Illi
887 1574 1025 1619 dieite
1053 1578 1126 1619 cui
1155 1574 1319 1619 rediit!

896 1785 936 1827 II

262 1934 611 1979 Corinthiorum
633 1941 812 1999 amatur
838 1936 921 1977 iste
942 1932 1210 1983 uerborum,

260 2006 349 2050 Iste
372 2010 455 2050 iste
485 2005 708 2051 —rhetor
726 2020 927 2061 namque
956 2007 1103 2061 —qui
1125 2003 1348 2048 hactenus
1376 2010 1499 2048 totus

259 2076 573 2134 Thucydides,
604 2085 829 2133 tyrannus
857 2076 1035 2119 Atticae
1053 2074 1209 2122 febris,

260 2148 393 2192 Thau
416 2148 664 2193 Gallicum.
690 2151 786 2190 min
814 2155 855 2191 et
884 2150 988 2204 psin
1011 2155 1052 2190 et
1077 2165 1095 2187 (ι
1128 2146 1246 2190 male
1266 2146 1332 2190 illi
1353 2149 1411 2190 sit
1436 2151 1443 2188 ἶ
1475 2166 1491 2185 n

173 2220 199 2263 5
262 2220 353 2264 Ista
380 2223 552 2267 omnia,
585 2223 672 2263 ista
700 2218 843 2263 uerba
871 2221 1059 2263 miscuit
1079 2218 1225 2262 fratri.

190 2441 328 2478 Nullus
351 2443 482 2478 titulus
501 2442 536 2477 in
556 2454 643 2477 mss.

192 2568 219 2603 1.
254 2569 265 2602 l
294 2568 347 2602 De
366 2581 438 2613 qua
467 2567 513 2611 O,
535 2567 635 2602 tuica
656 2566 744 2610 HM,
767 2566 863 2602 tuita
883 2567 926 2602 A.
945 2586 987 2591 —
1009 2566 1031 2602 2
1051 2579 1161 2602 causa
1188 2565 1232 2601 R.
1255 2584 1297 2590 —
1330 2564 1351 2599 3
1380 2564 1425 2600 de
1460 2577 1532 2610 qua
1560 2564 1606 2605 O,
1629 2564 1697 2599 tibi

144 2634 218 2656 non
241 2621 319 2658 BU.
359 2634 431 2655 non
453 2620 523 2655 tibi
559 2621 680 2655 ceteri.
715 2640 757 2646 -
779 2621 800 2655 5
821 2619 950 2655 audiui
972 2619 1015 2660 B,
1044 2626 1107 2655 aut
1142 2619 1194 2654 ibi
1216 2617 1341 2659 HMU,
1364 2624 1428 2653 aut
1448 2618 1517 2653 tibi
1549 2618 1627 2652 AR.
1654 2637 1698 2644 —-

142 2675 164 2710 6
187 2674 277 2720 quid
297 2674 324 2714 I,
345 2673 445 2719 quod
467 2674 508 2714 Β,
532 2673 644 2708 dicite
663 2673 710 2713 Ο,
732 2673 791 2708 cui
819 2673 961 2719 IIeyne.
985 2673 1049 2719 qui
1069 2673 1112 2713 B,
1132 2685 1226 2719 quae
1247 2672 1275 2706 I.

192 2728 237 2762 ΙΙ.
268 2729 281 2761 1
310 2726 595 2762 Corinthiorum
616 2726 696 2767 AB,
734 2726 861 2770 Quint.
899 2725 1213 2762 Chorinthiorum
1240 2725 1284 2766 B,
1306 2724 1585 2760 corinthearum
1608 2723 1696 2762 HM.

145 2780 454 2816 Hormethiorum
477 2780 521 2815 U.
547 2800 589 2806 —
610 2781 630 2815 ἱ)
651 2780 750 2815 deest
773 2793 899 2815 uersus
929 2779 1032 2825 apud
1054 2779 1198 2823 Quint.‚
1222 2778 1425 2815 omiserunt
1447 2777 1606 2813 Ribbeck
1628 2777 1643 2811 1
1666 2782 1698 2811 el

144 2834 327 2874 Bulaeus,
350 2847 367 2868 r
387 2833 509 2877 hjetor
526 2834 554 2870 Ι,
578 2833 724 2869 h¹·aetor
744 2833 787 2876 B,
810 2833 873 2879 qui
895 2832 1075 2868 haetenus
1106 2846 1172 2878 e90
1203 2839 1387 2878 quatenus
1407 2833 1451 2866 0.
1478 2851 1517 2856 --
1541 2831 1562 2865 3
1591 2830 1696 2865 Thu-

143 2887 298 2934 cydides
321 2887 449 2930 Quint.
473 2887 515 2925 B,
537 2886 880 2933 'l'‹h1uchi(y]›didis
907 2886 935 2930 l,
955 2893 1140 2932 tyrannus
1158 2886 1237 2926 ΑΗ,
1258 2893 1462 2931 tyrannum
1484 2884 1565 2924 BH,
1584 2883 1699 2918 trian-

145 2955 235 2976 num
264 2941 313 2979 M,
336 2941 541 2975 Britannus
579 2940 721 2984 Quint.‚
750 2941 916 2986 attic{a)e
947 2939 1075 2983 Quint.
1107 2940 1136 2982 I,
1159 2940 1271 2975 attica
1294 2939 1335 2980 B,
1369 2938 1481 2973 febris
1509 2939 1554 2977 (⁷),
1577 2937 1698 2972 febres

147 2994 274 3038 Quint.
297 3015 337 3018 —
361 3000 380 3028 >1
400 2994 490 3028 thau
523 2993 644 3033 BHM,
666 3001 731 3030 tau
752 2994 817 3029 AR
849 2993 964 3038 Quint
984 3023 992 3037 ‚
1031 2993 1206 3039 gallicum
1238 2992 1363 3036 Quint.
1390 2992 1434 3030 U.
1470 2991 1631 3037 galicum
1653 2991 1697 3030 A,

146 3046 322 3092 galligum
342 3047 384 3084 B,
406 3047 483 3082 min
503 3053 537 3081 et
558 3046 644 3092 psin
665 3047 712 3089 H,
732 3048 782 3082 mi
804 3053 840 3082 et
861 3047 945 3092 psin
963 3053 999 3082 et
1017 3047 1059 3087 Β,
1077 3046 1155 3082 min
1171 3052 1206 3081 et
1224 3051 1376 3091 prosnet
1398 3045 1441 3078 A.
1463 3044 1579 3079 minet
1612 3056 1698 3088 pro-

147 3101 263 3135 minet
286 3100 329 3139 R‚
365 3100 537 3135 imminet
563 3100 714 3146 ipsimet
735 3100 780 3141 U,
809 3100 909 3136 enim
930 3106 965 3135 et
998 3100 1104 3146 spine
1129 3106 1165 3135 et
1206 3099 1318 3142 Quint
1337 3126 1345 3138 ,
1369 3098 1420 3132 illi
1445 3097 1493 3132 sit
1525 3096 1568 3137 R,
1591 3095 1698 3131 illisit

149 3154 270 3196 celeriy
294 3154 420 3197 Quint.
443 3174 488 3179 —
509 3154 530 3188 5
549 3153 620 3189 ista
639 3153 755 3195 ARU,
777 3153 828 3189 ita
850 3153 957 3188 BHM
980 3154 1106 3198 Quint.
