2201 3643
763 296 1090 326 EPIGRAMMATA

328 388 628 443 Scissumque
650 393 856 430 uentrem
885 393 927 429 et
954 384 1154 428 hirneosi
1180 387 1330 440 patrui

239 459 297 501 40
478 457 624 501 Pedes
648 456 800 501 inedia
820 454 1042 511 turgidos.

868 697 967 739 xlv

271 858 317 901 Si
344 856 457 900 mihi
486 865 753 913 susceptum
783 856 916 900 fuerit
942 856 1184 900 decurrere
1212 873 1401 905 munus,

390 928 427 971 O
456 927 666 984 Paphon,
694 943 720 971 o
740 927 870 971 sedes
892 944 994 983 quae
1016 926 1130 970 eolis
1158 926 1349 979 Idalias,

271 999 438 1042 Troius
466 999 637 1041 Δ11111035
665 998 875 1041 Romana
898 1014 977 1053 per
992 997 1163 1054 oppida
1186 997 1326 1053 digno

389 1070 485 1113 Iam
508 1069 694 1113 tandem
723 1076 771 1112 ut
790 1077 940 1112 tecum
967 1071 1170 1112 carmine
1192 1076 1351 1112 uectus
1380 1076 1466 1115 eat,

184 1141 211 1184 5
272 1140 376 1184 Non
398 1155 478 1196 ego
505 1148 604 1183 ture
631 1139 770 1183 modo
797 1147 876 1183 aut
904 1142 1025 1195 picta
1053 1147 1131 1182 tua
1147 1138 1316 1195 templa
1339 1138 1508 1183 tabella

391 1211 581 1255 Ornabo
601 1219 641 1255 et
664 1214 790 1267 puris
819 1219 935 1254 serta
959 1211 1100 1254 feram
1124 1210 1365 1254 manibus:

274 1282 494 1337 Corniger
520 1281 604 1325 hos
623 1286 741 1324 aries
764 1281 956 1324 humilis
977 1289 1018 1324 et
1050 1284 1249 1324 maxima
1278 1289 1438 1325 taurus

390 1354 591 1397 Victima
623 1360 826 1396 sacratos
856 1359 1036 1408 sparget
1070 1352 1242 1395 honore
1262 1352 1388 1396 socos

271 1424 649 1480 Marmoreusque
677 1423 761 1466 tibi
780 1431 859 1466 aut
882 1423 1006 1466 mille
1029 1422 1263 1466 coloribus
1285 1423 1380 1466 ales

187 1495 242 1537 10
391 1495 439 1537 In
466 1511 638 1538 morem
660 1498 780 1550 picta
806 1494 944 1537 stabit
971 1494 1115 1537 Amor
1133 1493 1361 1550 pharetra.

273 1565 429 1613 Adsis,
460 1581 486 1609 o
509 1565 732 1622 Cytherea
758 1567 765 1607 ἱ
795 1566 923 1608 Tuus
949 1573 989 1607 te
1015 1565 1185 1608 Caesar
1206 1565 1408 1622 Olympo

394 1635 450 1679 Et
480 1636 737 1680 Surrentini
759 1635 906 1679 litoris
936 1651 1013 1678 ara
1042 1643 1192 1685 uocat.

894 1867 974 1910 XV

274 2031 386 2076 Vate
409 2032 651 2088 Syracosio
673 2034 752 2087 qui
774 2031 955 2075 dulcior
976 2031 1273 2088 Hesiodoque

362 2103 525 2155 Maior,
550 2103 776 2146 Homereo
805 2118 893 2146 non
925 2105 1077 2146 minor
1097 2118 1173 2145 ore
1195 2103 1295 2145 suit.

275 2173 405 2217 Illius
424 2173 536 2217 haec
552 2190 735 2230 quoque
755 2181 862 2217 sunt
890 2173 1039 2217 diuini
1059 2174 1282 2217 elementa
1313 2180 1471 2229 poetae

362 2244 420 2288 Et
446 2244 574 2288 rudis
598 2248 643 2288 in
664 2246 792 2289 uario
815 2248 1018 2289 carmine
1049 2244 1273 2301 Calliope.

1645 281 1699 322 95

205 2568 250 2603 39
286 2567 518 2613 scissumque
553 2568 598 2609 B,
635 2568 706 2604 scis
746 2582 913 2615 unquam
941 2569 970 2610 I,
999 2575 1169 2604 uentrem
1204 2568 1286 2609 BH,
1318 2581 1492 2603 uenerem
1520 2568 1597 2608 AR,
1635 2567 1709 2602 hir-

160 2621 262 2655 neosi
302 2621 345 2663 B,
385 2621 545 2657 hirreosi
573 2621 662 2665 HM,
699 2622 839 2658 hircosi
879 2622 1048 2658 ARMed.
1069 2643 1114 2647 —
1149 2623 1194 2656 40
1229 2620 1353 2656 inedia
1390 2622 1431 2663 B,
1466 2620 1564 2655 inedi
1588 2620 1709 2661 ΑΒΜ,

159 2674 272 2709 etiam
293 2674 340 2708 H.

210 2726 569 2773 XIV.lSusceptum
585 2727 661 2763 Ald
687 2729 787 2770 1517,
806 2735 1022 2775 suspectum
1049 2729 1076 2773 (-
1093 2742 1153 2764 am
1173 2728 1260 2763 HM*
1285 2728 1328 2762 Ο.
1350 2748 1389 2752 -
1409 2729 1430 2761 2
1448 2741 1518 2772 que
1538 2727 1579 2763 B,
1597 2727 1659 2772 qui
1683 2726 1710 2763 Ι,

159 2779 294 2815 idalios
307 2780 353 2815 H.
379 2801 414 2805 —
441 2782 461 2816 4
482 2787 541 2816 eat
556 2782 597 2819 B.
621 2788 700 2817 erat
721 2782 749 2816 I.
775 2802 815 2806 —-
838 2782 858 2816 7
886 2781 1054 2817 humidis
1077 2781 1297 2823 A‚maxima
1332 2781 1374 2817 B.
1406 2780 1590 2814 maximus
1623 2779 1709 2815 HM,

161 2833 320 2868 maxime
336 2833 414 2871 AR,
438 2834 557 2869 tauris
578 2834 625 2869 H.
666 2855 705 2859 ——
749 2835 771 2869 8
803 2842 951 2881 sparget
985 2835 1064 2877 AR,
1089 2835 1229 2881 spargit
1266 2834 1388 2870 BHM.
1412 2846 1524 2867 uocos
1562 2832 1647 2866 HM.
1673 2853 1710 2856 —

159 2886 180 2921 9
203 2900 509 2933 marmoreusque
547 2887 590 2928 B,
631 2901 937 2934 marmoreosque
978 2888 1065 2927 HM,
1098 2900 1405 2932 marmoreasque
1446 2886 1525 2923 AR.
1568 2892 1631 2920 aut
1665 2884 1711 2925 O,

161 2939 263 2974 mille
284 2940 365 2980 BH,
388 2940 489 2974 nulle
525 2941 570 2979 M,
599 2940 708 2984 digne
730 2941 809 2983 AR,
832 2941 1022 2976 coloribus
1052 2941 1127 2976 ales
1156 2941 1200 2975 O.
1240 2961 1279 2964 —
1318 2941 1354 2974 ll
1397 2938 1561 2973 citharea
1600 2939 1643 2972 A.
1672 2958 1712 2962 ——

161 3012 205 3016 ψ
235 2993 276 3027 12
299 3006 362 3027 ara
376 2993 497 3033 BHM,
516 3007 579 3028 ora
596 2994 762 3029 ARMed.

210 3045 287 3080 XV.
318 3047 331 3080 1
357 3045 448 3080 Vate
476 3047 502 3083 1.
544 3053 647 3081 uates
688 3047 730 3088 B,
764 3047 946 3082 siracusio
978 3048 1004 3087 1,
1027 3047 1101 3082 sira
1118 3047 1239 3081 scosio
1263 3046 1304 3080 13.
1322 3066 1365 3070 —
1387 3046 1407 3080 2
1440 3045 1614 3079 homereo
1635 3044 1710 3083 BA.

161 3097 316 3133 homero
341 3099 463 3140 IIRM,
480 3099 641 3142 minori,
667 3101 811 3136 minore
831 3101 871 3135 B.
898 3121 940 3125 —-
960 3101 982 3136 3
1010 3100 1084 3135 sint
1118 3100 1334 3145 11M,p0eta
1363 3099 1403 3133 B.
1430 3119 1470 3125 —
1497 3099 1515 3132 4
1550 3097 1714 3132 carmina

163 3151 208 3193 R,
235 3151 379 3197 Callipe
401 3152 444 3187 R.
