2201 3643
765 277 1096 306 EPIGRAMMA-TA
1647 265 1696 308 01

268 367 363 411 Nos
398 383 448 411 ea
470 383 587 424 quae
622 375 772 412 tecum
801 367 1033 410 finxerunt
1061 370 1268 410 carmina
1288 366 1404 410 diui.

177 438 233 479 60
384 437 613 494 Cynthius
641 446 683 481 et
703 439 879 487 Musae,
901 436 1114 481 Bacchus
1134 445 1174 480 et
1202 437 1378 492 Aglaie,

271 508 316 551 Si
337 508 521 552 laudem
547 512 749 565 aspirare
771 508 983 561 humilis,
1006 510 1042 550 si
1062 506 1187 550 adire
1205 507 1407 563 Cyrenas

388 579 434 621 Si
457 582 604 635 patrio
633 580 796 622 Graios
832 581 1037 622 carmine
1061 577 1185 620 adire
1214 577 1332 620 sales

270 650 542 693 Possumus.
579 653 748 706 optatis
771 649 874 705 plus
904 652 995 691 iam
1020 647 1313 704 procedimus
1334 651 1464 703 ipsis.

388 720 487 764 Hoc
515 724 626 764 satis
654 728 720 763 est
746 735 754 766 ;
788 722 945 776 pingui
974 718 1037 761 nil
1062 717 1176 761 mihi
1205 734 1311 761 cum
1334 718 1524 774 populo.

881 923 886 929 '
920 939 958 981 x

385 1094 587 1138 Sabinus
607 1094 699 1142 ille,
725 1111 862 1151 quem
893 1095 1076 1146 uidetis,
1102 1095 1326 1152 hospites,

384 1166 461 1209 Ait
488 1165 630 1209 fuisse
652 1165 796 1209 mulio
819 1165 1083 1217 celerrimus

382 1237 541 1293 Neque
565 1236 707 1280 ullius
730 1237 933 1280 uolantis
949 1233 1173 1294 impetum
1203 1242 1287 1281 cisi

383 1308 609 1364 Nequisse
625 1311 886 1365 praeterire,
910 1312 1007 1351 siue
1030 1309 1268 1352 Mantuam

296 1379 322 1421 ἶ)
386 1378 516 1435 Opus
535 1378 646 1422 foret
666 1378 823 1423 uolare
840 1382 938 1423 siue
957 1379 1180 1423 Brixiam.

385 1449 441 1492 Et
462 1448 550 1493 hoc
577 1457 710 1504 negat
729 1449 993 1506 Tryphonis
1021 1449 1193 1493 aemuli
1217 1450 1410 1494 domum

384 1520 558 1576 Negare
580 1519 782 1564 nobilem
808 1521 1070 1564 insulamue
1093 1521 1296 1576 Caeruli,

385 1591 475 1634 Ubi
498 1594 582 1634 iste
611 1599 714 1648 post
739 1591 956 1637 Sabinus,
988 1600 1093 1635 ante
1121 1592 1363 1646 Quinctio,

383 1661 577 1706 Bidente
605 1661 716 1705 dicit
750 1662 970 1706 attodisse
998 1662 1170 1719 forcipe

298 1732 353 1775 10
385 1733 577 1776 Comata
594 1733 729 1778 colla.
750 1750 804 1777 ne
828 1735 1016 1790 Cytorio
1034 1737 1139 1790 iugo

381 1803 622 1847 Premente
643 1803 757 1847 dura
781 1804 954 1848 uulnus
986 1804 1136 1848 ederet
1158 1805 1283 1849 iuba.

386 1875 614 1918 Cremona
638 1874 801 1931 frigida
836 1883 877 1918 et
899 1875 1048 1919 lutosa
1078 1876 1245 1927 Gallia,

381 1945 487 1988 Tibi
516 1945 628 1990 haec
653 1946 794 1989 fuisse
817 1954 858 1989 et
878 1963 975 1989 esse
998 1951 1316 2002 cognitissima

384 2016 461 2060 Ait
489 2016 692 2060 Sabinus
730 2017 918 2061 :ultima
949 2034 1000 2061 ex
1028 2021 1204 2073 origine

298 2088 352 2130 15
385 2087 483 2131 Tua
509 2091 687 2131 stetisse
709 2088 821 2132 dicit
841 2092 886 2131 in
911 2091 1147 2143 uoragine,

383 2159 481 2202 Tua
504 2163 550 2202 in
573 2159 740 2216 palude
762 2160 999 2217 deposisse
1023 2163 1227 2204 sarcinas

193 2400 239 2434 59
259 2405 398 2435 tectum
417 2399 462 2434 H.
484 2420 528 2425 —
548 2400 593 2435 60
614 2401 742 2435 Musae
767 2400 882 2442 ΑΒΕ,
905 2400 1011 2435 Musa
1037 2400 1158 2440 BHM,
1190 2400 1316 2445 Aglaie
1337 2400 1425 2435 ΑΜ.
1449 2401 1551 2440 1534,
1586 2400 1701 2445 egiale

147 2453 347 2493 BARUV1,
367 2453 459 2498 egile
480 2453 609 2488 HM.—
637 2454 679 2487 61
702 2453 852 2488 laudem
879 2453 926 2493 O,
948 2453 1114 2499 aspirare
1136 2454 1177 2491 Β,
1200 2454 1406 2499 aspirarem
1429 2453 1515 2494 HM,
1538 2454 1702 2499 aspirem

146 2506 402 2547 ARUMedV¹‚
433 2506 589 2542 humilis
632 2506 678 2547 Ο,
705 2507 733 2541 si
757 2506 800 2545 Β,
833 2506 897 2541 sed
920 2507 948 2545 Ι,
976 2506 1078 2541 adire
1112 2506 1314 2546 BRUMed‚
1345 2506 1475 2547 audire
1502 2506 1629 2541 HAM:
1658 2526 1700 2532 —

147 2560 192 2594 (52
213 2559 243 2594 si
266 2559 308 2598 B,
337 2559 390 2595 sic
422 2560 450 2600 Ι,
482 2559 601 2605 patrie
622 2560 672 2600 M,
700 2559 804 2595 adire
840 2559 936 2595 sales
957 2560 985 2600 Ι,
1023 2559 1147 2594 adires
1182 2560 1258 2595 ales
1282 2560 1310 2594 B
1352 2581 1385 2584 —-
1429 2561 1474 2595 (53
1512 2560 1651 2605 optatis
1672 2559 1700 2600 I,

147 2613 294 2658 oppatis
314 2613 354 2647 Β.
371 2633 417 2638 -
433 2613 478 2648 64
500 2612 566 2647 hec
588 2613 676 2647 HM.

194 2666 238 2700 X.
266 2665 441 2701 lAbinus
464 2665 508 2706 R,
531 2679 643 2711 quem
665 2666 693 2703 Ι,
723 2665 877 2711 quidem
901 2666 943 2700 B.
970 2686 1011 2691 ——
1033 2667 1054 2701 2
1077 2666 1193 2701 mulio
1212 2665 1301 2700 ΑΜ.
1327 2666 1430 2706 1517,
1452 2665 1571 2700 multo
1589 2666 1636 2700 Ο.
1657 2687 1703 2690 -

145 2719 166 2754 3
188 2719 302 2754 ullius
326 2718 412 2753 Αἶά.
439 2719 541 2759 1517,
563 2719 667 2754 illius
691 2719 731 2759 B,
755 2719 856 2754 ullus
877 2719 905 2758 Ι,
926 2720 1088 2765 impetus
1118 2720 1160 2755 R.
1186 2740 1221 2744 -
1239 2720 1261 2754 5
1283 2720 1425 2754 uolaret
1462 2719 1636 2754 MMUV1.
1657 2739 1702 2744 —

146 2774 168 2808 6
187 2779 222 2807 et
250 2771 318 2807 hoc
343 2772 523 2818 Scaliger,
559 2786 678 2817 neque
697 2772 766 2808 hoc
804 2773 850 2813 O,
873 2780 1024 2818 negaret
1050 2773 1138 2812 HM,
1161 2772 1342 2819 typhonis
1367 2773 1407 2812 Β,
1430 2772 1584 2807 domum
1620 2772 1699 2807 Sul-

146 2826 288 2861 masius
323 2824 458 2860 domus
475 2825 520 2859 Ο.
541 2846 584 2850 —
606 2825 857 2861 7insula1nne
893 2827 937 2860 A.
979 2847 1023 2850 —-
1041 2826 1063 2860 8
1104 2826 1286 2868 Quinccio
1320 2826 1378 2863 Β“-’,
1420 2826 1577 2868 Quintio
1600 2826 1630 2860 Ι.
1658 2846 1699 2850 -—

145 2878 166 2914 9
180 2878 277 2914 dicet
292 2878 372 2913 AR.
388 2878 570 2914 attodisse
589 2878 631 2918 Β,
653 2878 844 2914 atondisse
862 2879 948 2918 HM,
966 2879 1175 2914 attondisse
1197 2879 1509 2917 UV¹‚atteudisse
1531 2878 1698 2919 ARMed,

146 2931 286 2977 forcipe
308 2931 466 2971 BHMU,
488 2931 628 2977 forpice
648 2931 728 2967 AR.
753 2952 796 2957 —·
825 2933 926 2968 lone
949 2933 1105 2978 Cytorio
1140 2932 1284 2977 Mahly.
1322 2946 1366 2966 ne
1394 2932 1484 2977 quid
1511 2932 1629 2966 Orion
1655 2932 1698 2970 B.

145 2985 278 3029 nequis
296 2984 420 3019 torion
442 2983 598 3021 HARM‚
625 2984 759 3029 nequis
781 2984 900 3020 Orion
921 2985 964 3020 U.
985 3005 1029 3010 --
1050 2985 1093 3019 12
1110 2985 1261 3030 frig-idat
1292 2985 1335 3023 Β,
1360 2984 1481 3018 lutosa
1506 2984 1585 3023 1311,
1625 2984 1697 3020 luc-

145 3044 253 3072 tuosa
274 3037 389 3072 ΑΒΕ.
414 3057 451 3061 -
491 3036 534 3071 13
575 3037 833 3082 cognitissima
874 3038 955 3075 BH,
994 3038 1260 3083 coguotissima
1293 3037 1411 3072 ΑΒΜ.
1447 3058 1473 3061 —
1503 3038 1543 3071 15
1564 3044 1643 3071 tuta
1669 3038 1699 3072 R

146 3089 238 3125 dicit
255 3089 331 3125 Αἶά
377 3090 479 3129 1517,
503 3090 635 3125 ultima
657 3090 702 3125 Ο.
725 3111 769 3114 —
793 3091 834 3125 16
852 3097 913 3125 tua
938 3091 1017 3128 ΒΗ,
1059 3099 1141 3125 tuas
1161 3091 1238 3132 AR,
1265 3090 1403 3136 pulude
1424 3090 1466 3133 B,
1505 3090 1698 3135 deposisse

145 3142 322 3188 Scaliger,
345 3142 564 3188 deposuisse
586 3143 732 3184 BARU,
752 3143 821 3178 deo
844 3144 1014 3189 posuisse
1036 3143 1122 3177 HM.
