2201 3643
443 281 499 324 94
889 291 1085 319 l’RIAl'EA
1118 291 1174 319 ET
1208 291 1538 320 EPlGRAMMATA

774 402 789 422 «ι
818 380 1064 426 Thalassio
1091 383 1098 423 1
1134 381 1381 425 Thalassio
1405 386 1411 424 !
1446 399 1465 420 »

624 454 746 509 Quid
779 452 1003 510 passuisti,
1034 452 1206 495 semina
1224 456 1244 495 ⁶?
1267 469 1327 496 an
1355 454 1444 496 ioci
1480 451 1678 496 dolent?

768 525 839 567 An
868 523 986 566 sacta
1005 526 1249 578 cognoscis
1271 531 1350 567 tua
1374 527 1394 565 ⁶?

623 598 725 640 Non
751 612 821 638 me
843 593 1035 638 uocabis
1059 594 1218 650 pulcra
1246 610 1324 651 per
1346 595 1529 650 Cotytia

536 672 593 712 20
771 665 842 708 Ad
871 666 1056 709 feriatos
1081 666 1301 720 fascinos,

624 739 716 782 Nec
746 736 911 780 deinde
933 735 1119 780 lumbos
1146 744 1186 780 te
1209 752 1394 779 mouere
1416 739 1463 778 in
1491 734 1660 779 caltula

771 808 958 851 Prensis
988 807 1157 850 uidebo
1190 807 1416 851 altaribus

628 880 923 934 Flauumque
952 886 1137 934 propter
1161 878 1389 934 Thybrim
1412 878 1577 921 olentis
1606 879 1846 920 nauticum

772 950 964 994 Vocare.
990 949 1071 992 ubi
1094 949 1319 1006 adpulsae
1349 957 1469 992 rates

539 1023 596 1066 25
624 1022 778 1065 Caeno
795 1028 995 1064 retentae
1017 1019 1206 1064 sordido
1225 1028 1348 1063 stant
1369 1023 1415 1063 in
1450 1018 1585 1063 uadis

773 1092 1020 1147 Macraque
1042 1091 1270 1135 luctantes
1293 1108 1413 1148 aqua

626 1164 785 1219 Neque
808 1166 853 1205 in
874 1162 1079 1206 culinam
1102 1170 1143 1206 et
1163 1170 1300 1206 uncta
1328 1160 1595 1218 compitalia

772 1235 1019 1290 Dapesque
1048 1233 1188 1277 duces
1211 1232 1443 1285 sordidas,

626 1305 810 1360 Quibus
828 1304 1044 1361 repletus,
1072 1311 1121 1347 ut
1149 1304 1367 1348 saliuosis
1382 1306 1517 1359 aquis

541 1378 599 1420 30
779 1375 981 1419 Obesam
1015 1375 1072 1419 ad
1103 1392 1289 1418 uxorem
1318 1374 1438 1418 redis

627 1455 668 1491 et
687 1453 953 1491 aestuantes
975 1446 1107 1490 docte
1136 1446 1281 1489 soluis
1312 1448 1533 1501 pantices,

779 1517 875 1561 Hos
898 1534 1046 1574 usque
1071 1516 1241 1560 lambis
1270 1519 1430 1560 sauiis.

628 1590 764 1634 Nunc
792 1588 938 1643 laede,
958 1604 1083 1632 nunc
1104 1588 1277 1632 lacesse
1302 1592 1339 1631 si
1362 1590 1613 1644 quicquam
1643 1583 1768 1627 uales
1791 1588 1798 1626 1

777 1660 833 1703 Et
862 1675 1029 1703 nomen
1061 1658 1277 1703 adscribo
1296 1667 1444 1702 tuum.

541 1733 607 1776 35
644 1731 845 1775 Cinaede
873 1732 1031 1783 Lucci,
1062 1734 1153 1774 iam
1182 1729 1266 1773 tibi
1295 1730 1656 1787 liqueruntopes

779 1803 1012 1859 Fameque
1035 1805 1224 1857 genuini
1253 1808 1457 1858 crepant.

632 1873 812 1918 videbo
835 1873 1083 1918 habentem
1102 1881 1280 1930 praeter
1307 1876 1500 1928 ignauos
1524 1870 1640 1914 nihil

778 1946 958 1989 Fratres
981 1953 1021 1989 et
1044 1948 1213 1988 iratum
1237 1945 1394 1988 Iouem

506 2262 549 2296 16
570 2261 751 2296 thassalio
778 2259 961 2295 thassalio
983 2261 1041 2297 13¹,
1064 2261 1223 2295 conavit
1243 2260 1278 2295 1⁷11
1312 2259 1495 2295 thalassio
1517 2259 1692 2295 thalaslio
1721 2260 1778 2300 132,
1805 2258 1939 2294 talasio
1960 2258 2014 2293 bis

457 2315 535 2355 All,
557 2314 690 2349 talesio
710 2314 763 2349 bis
800 2314 832 2348 H
853 2325 861 2355 3
891 2319 976 2358 pos!
1000 2328 1034 2348 11.
1060 2314 1106 2348 16
1128 2314 1163 2348 ιἰι
1199 2315 1213 2349 l
1235 2314 1371 2359 legitur
1390 2315 1625 2359 epigramma
1647 2313 1792 2348 Callida
1812 2313 1947 2358 imagO.
1972 2332 2014 2336 —-

459 2369 500 2402 17
522 2368 586 2403 uid
609 2368 653 2405 R,
676 2381 722 2402 an
754 2368 781 2403 I.
809 2368 936 2402 omisit
968 2368 1011 2401 B.
1039 2387 1075 2392 --
1123 2367 1166 2402 19
1187 2380 1260 2402 non
1285 2381 1342 2402 me
1367 2367 1410 2407 B,
1435 2380 1557 2402 nonne
1579 2367 1607 2406 Ι,
1628 2367 1779 2413 Cotytia
1799 2365 1885 2401 Αἶά.
1910 2366 2012 2407 1517,

456 2421 589 2456 coeitia
608 2421 651 2461 B,
674 2421 817 2467 cocytia
839 2421 866 2455 I.
886 2441 929 2445 ——
957 2421 998 2455 21
1035 2434 1101 2455 nec
1132 2421 1173 2460 B,
1194 2434 1238 2455 ne
1260 2421 1346 2461 HM,
1371 2420 1460 2455 haec
1481 2420 1559 2459 AR,
1583 2419 1719 2455 deinde
1736 2426 1772 2455 te
1793 2420 1836 2460 B,
1857 2419 1903 2454 de
1939 2420 2015 2454 inte

461 2474 547 2515 HM,
570 2475 675 2509 omis
700 2474 870 2514 Aleed,
893 2474 1031 2509 caltula
1063 2474 1236 2509 Ribbeck.
1270 2474 1429 2509 ratulam
1453 2474 1495 2511 B.
1524 2473 1689 2509 rotulam
1710 2474 1737 2508 I.
1762 2494 1806 2498 -—
1825 2473 1870 2508 22
1906 2472 2014 2508 uide-

457 2527 523 2562 bos
552 2528 595 2568 R,
625 2527 735 2563 uideo
775 2528 862 2562 HM.
891 2548 935 2552 —
966 2528 1012 2563 23
1049 2541 1164 2573 prope
1191 2528 1239 2564 H,
1276 2527 1464 2573 Thybrim
1486 2527 1572 2562 Md.
1615 2527 1718 2568 1517,
1746 2526 1893 2561 bebrim
1917 2532 1951 2561 et
1971 2526 2015 2569 B,

459 2581 607 2616 tibimet
630 2581 654 2615 l.
676 2602 719 2604 ᾖ
745 2581 789 2616 24
810 2581 872 2615 ubi
902 2581 928 2623 l,
952 2581 1020 2615 tibi
1058 2581 1101 2619 Β,
1136 2580 1293 2627 adpulse
1314 2588 1412 2616 rates
1441 2581 1483 2619 B,
1512 2580 1670 2626 adpulsa
1688 2586 1766 2615 erat
1788 2580 1836 2619 M,
1858 2578 2016 2625 adpulsa

458 2634 571 2669 eratis
615 2634 662 2674 ll,
706 2634 864 2680 adpulsa
901 2634 1066 2676 (arctatis
1101 2634 1167 2669 AR
1223 2655 1267 2659 —
1314 2635 1360 2669 25
1405 2641 1505 2669 stant
1551 2638 1655 2673 (sunt
1695 2634 1783 2668 HM=
1824 2633 1863 2667 in
1907 2632 2017 2668 uadis

460 2687 612 2725 „ualidis
647 2688 691 2732 lt)
729 2695 875 2723 c<a¹eno
904 2694 1070 2722 retentae
1121 2687 1274 2722 sordido
1296 2688 1342 2723 O.
1378 2708 1420 2712 —
1469 2688 1515 2723 26
1557 2687 1734 2722 luctantis
1777 2687 1864 2721 HM.
1902 2707 1942 2711 —
1971 2686 2017 2721 27

459 2747 570 2775 uncta
598 2741 624 2781 l,
652 2748 786 2776 cuncta
804 2742 846 2776 B.
873 2762 911 2766 —
947 2741 991 2775 28
1013 2754 1201 2787 papesque
1236 2741 1282 2780 ll,
1306 2741 1412 2776 ducis
1434 2741 1476 2782 B,
1502 2740 1622 2776 dulcis
1644 2741 1671 2776 I.
1692 2760 1737 2766 —
1781 2741 1826 2775 29
1863 2739 2018 2784 repletis

463 2794 549 2834 HM,
590 2800 631 2828 ut
670 2794 716 2834 O.
754 2794 930 2829 saliuosis
958 2794 1000 2835 B,
1040 2794 1215 2829 salinosis
1237 2794 1319 2832 ΑΗ,
1348 2794 1523 2829 salmosis
1563 2794 1607 2834 R,
1629 2794 1738 2840 aquis
1760 2794 1804 2829 O.
1829 2814 1872 2818 —
1899 2793 1944 2828 30
1970 2791 2018 2827 ad

462 2848 585 2881 omisit
609 2848 656 2881 M.
680 2867 723 2872 ——
745 2848 785 2881 31
811 2848 919 2883 docte
942 2847 1020 2887 BR,
1043 2847 1129 2882 dote
1156 2847 1279 2887 AHM‚
1311 2848 1428 2882 saluis
1460 2848 1547 2882 HM.
1568 2869 1610 2872 —
1634 2848 1680 2882 32
1707 2847 1774 2883 hos
1796 2859 1915 2892 usque
1936 2859 2015 2891 290,

461 2899 671 2943 hossusque
708 2901 787 2940 AR,
829 2914 1014 2947 ossusque
1056 2900 1153 2935 Med.
1193 2914 1357 2947 osusque
1395 2901 1481 2942 HM,
1522 2901 1753 2947 osiculisque
1793 2900 1834 2938 Β.
1881 2899 2018 2934 lambis

462 2953 578 2987 sauiis
599 2953 675 2988 Ald
714 2955 815 2991 1517,
840 2954 975 2989 lambis
998 2954 1126 2989 suauis
1149 2954 1189 2994 B,
1213 2954 1352 2989 labissa
1374 2954 1446 2989 11115
1469 2955 1515 2995 Η,
1539 2954 1669 2989 libissa
1691 2954 1762 2989 iuis
1793 2953 1843 2990 M,
1863 2952 2017 2988 labissa-

462 3019 532 3040 nus
562 3007 730 3041 Alffled.
754 3028 795 3032 —-
822 3008 867 3042 33
889 3007 987 3042 hunc
1006 3007 1082 3041 AR.
1104 3028 1141 3031 —
1165 3008 1211 3041 35
1230 3007 1312 3042 cine
1335 3007 1476 3042 delucci
1505 3008 1578 3043 iam
1600 3014 1635 3043 te
1666 3008 1707 3050 B,
1736 3007 1841 3042 cinae
1878 3005 2018 3041 dulcis-

464 3059 597 3093 simam
641 3067 675 3094 et
717 3060 803 3101 HM,
845 3074 938 3095 eune
968 3060 1186 3095 dulcissima
1227 3061 1306 3101 AB,
1344 3061 1412 3095 tibi
1452 3061 1547 3101 Birt,
1584 3068 1619 3096 te
1654 3062 1700 3098 O,
1741 3060 1933 3106 liquerunt
1973 3058 2015 3099 B,

462 3112 603 3156 liquere
627 3113 713 3153 HM,
737 3113 928 3158 liquerunt
953 3126 1041 3159 opes
1063 3113 1266 3148 omiserunt
1293 3113 1370 3148 AR.
1397 3135 1432 3138 -—
1459 3115 1504 3149 36
1523 3113 1675 3159 genuini
1694 3113 1737 3154 B,
1754 3113 1906 3159 genium
1928 3112 1955 3147 I.
1978 3131 2018 3136 —

463 3165 508 3199 37
534 3164 732 3201 habentem
757 3166 799 3207 B,
823 3166 994 3201 hebetem
1023 3166 1102 3205 AR,
1133 3173 1279 3212 praeter
1301 3167 1380 3207 BH,
1404 3174 1557 3213 propter
1575 3167 1655 3202 AR.
