2201 3643
795 291 1122 320 EPIGRAMMATA
1678 280 1734 321 89

417 382 647 425 Maximus
672 388 713 424 et
742 389 926 425 sanctos
949 381 1116 437 (lignus
1141 385 1255 426 inire
1279 381 1464 426 choros.

299 453 398 496 Hoc
418 456 572 508 itaque
592 455 786 495 insuetis
809 455 952 496 iactor
980 456 1142 507 magis,
1178 455 1364 509 optime.
1397 456 1537 496 curis.

212 523 267 565 10
418 522 540 577 Quid
561 522 615 566 de
636 531 677 566 te
698 527 870 580 possim
896 523 1093 568 scribere
1121 525 1294 581 quidue
1318 524 1421 568 tibi.

298 594 508 649 Namque
529 619 585 625 —
621 594 794 638 fatebor
815 598 938 638 enim
973 622 1017 626 —
1044 612 1161 652 quae
1190 599 1391 639 maxima
1415 595 1673 639 deterrendi

352 718 355 719 ⁷
415 663 602 715 Debuit,
633 665 847 709 hortandi
883 669 1084 710 maxima
1112 683 1252 710 causa
1275 668 1376 710 suit.

297 735 450 778 Pauca
472 742 550 778 tua
578 738 623 778 in
654 744 834 779 nostras
858 745 1084 780 uenerunt
1111 741 1313 780 carmina
1348 736 1547 790 chartas,

416 806 633 849 Carmina
661 822 768 850 cum
797 807 970 862 lingua.
998 815 1096 850 tum
1126 807 1219 851 sale
1242 809 1487 864 Cecropio.

211 877 264 919 15
292 877 510 920 Carmina
538 893 654 932 quae
678 877 947 934 Phrygium,
972 877 1135 921 saeclis
1155 886 1341 934 accepta
1371 879 1556 928 suturis,

415 948 634 991 Carmina
662 965 779 1004 quae
809 948 994 1005 Pylium
1018 953 1200 993 uincere
1228 949 1365 1004 digna
1391 965 1564 992 senem.

302 1017 494 1061 Molliter
516 1017 589 1062 hic
611 1019 750 1062 uiridi
771 1020 954 1076 patulae
989 1019 1076 1063 sub
1099 1024 1298 1076 tegmine
1319 1036 1519 1077 quercus

414 1089 581 1133 Moeris
602 1098 808 1146 pastores
836 1098 877 1134 et
899 1091 1153 1135 Meliboeus
1182 1100 1327 1135 erant.

299 1159 703 1205 Dulciaiactantes
730 1161 907 1205 alterno
935 1166 1142 1207 carmina
1169 1179 1323 1213 uersu,

208 1232 264 1274 20
415 1230 583 1285 Qualia
603 1232 868 1276 Trinacriae
889 1232 1053 1276 doctus
1081 1242 1206 1278 amat
1233 1237 1434 1277 iuuenis.

297 1302 517 1347 Certatim
545 1302 775 1346 ornabant
796 1319 957 1347 omnes
980 1304 1170 1349 heroida
1198 1305 1315 1358 diui,

414 1373 632 1417 Certatim
654 1373 789 1418 diuae
808 1391 997 1419 munere
1024 1384 1233 1433 quaeque
1256 1393 1352 1420 sno.

297 1444 496 1488 Felicem
520 1452 623 1488 ante
645 1445 759 1488 alias
787 1461 813 1489 o
836 1454 878 1489 te
899 1451 1120 1503 scriptore
1149 1447 1351 1504 puellam
1379 1450 1386 1489 !

412 1515 566 1559 Altera
594 1532 683 1560 non
714 1517 833 1560 fama
864 1517 1030 1561 dixerit
1057 1534 1155 1562 esse
1185 1522 1336 1575 prior:

200 1586 257 1628 25
286 1586 389 1629 Non
413 1586 507 1637 illa,
531 1587 840 1643 Hesperidum
864 1592 909 1631 ni
932 1606 1120 1633 munere
1143 1598 1275 1647 capta
1305 1591 1481 1635 suisset,

415 1657 543 1711 Quae
563 1658 801 1702 uolucrem
826 1675 965 1703 cursu
1000 1664 1171 1704 uicerat
1193 1662 1538 1718 Hippomenen,

297 1728 506 1772 Candida
533 1745 703 1786 cycneo
732 1746 823 1773 non
847 1730 967 1774 edita
990 1731 1220 1788 Tyndaris
1249 1748 1356 1785 ouo,

413 1800 515 1843 Non
545 1816 711 1856 supero
739 1800 917 1855 fulgens
947 1802 1197 1859 Cassiopea
1226 1804 1347 1860 polo,

292 1871 396 1915 Non
420 1871 607 1915 defensa
630 1871 708 1914 diu
737 1874 967 1915 inuictum
997 1879 1246 1918 certamine
1267 1891 1494 1931 equorum

207 1941 263 1984 30
415 1941 650 1998 Optabant
672 1942 891 1996 grauidae
912 1944 1037 1999 quod
1056 1945 1143 1988 sibi
1166 1962 1376 2002 quaeque
1404 1962 1589 1999 1nanuS‚

295 2012 437 2070 Saepe
458 2017 663 2058 animam
686 2020 838 2071 generi
862 2033 943 2073 pro
960 2034 1052 2073 qua
1075 2025 1202 2073 pater
1219 2019 1391 2073 impius
1409 2017 1581 2068 hausit,

413 2084 555 2141 Saepe
583 2085 723 2130 rubro
750 2090 944 2131 immitis
968 2088 1338 2143 sanguinefluxit
1367 2088 1570 2143 humus;

221 2316 243 2351 8
264 2323 415 2352 sanctus
437 2318 522 2354 HM.
553 2338 588 2342 —
619 2318 640 2353 9
662 2317 805 2363 magnis
828 2317 916 2354 HM.
955 2317 1098 2364 campis
1137 2318 1217 2353 AR.
1257 2338 1301 2342 —
1344 2319 1385 2352 10
1424 2317 1525 2363 quod
1564 2317 1735 2355 ARMed.

177 2369 379 2405 scriberem
418 2371 464 2405 H.
508 2371 657 2417 quodue
683 2372 762 2406 AR.
805 2391 847 2396 —
882 2372 921 2405 11
957 2371 1064 2406 fallor
1100 2371 1200 2406 enim
1235 2371 1279 2406 U.
1321 2392 1361 2396 —
1404 2372 1448 2406 123
1484 2371 1648 2406 carmine
1685 2371 1731 2405 H.

180 2443 217 2448 ——
243 2425 286 2458 14
308 2429 385 2458 tam
408 2424 494 2464 HM,
517 2425 592 2459 sole
625 2425 668 2459 R.
702 2445 747 2449 —
775 2425 818 2459 15
848 2425 1053 2459 omiserunt
1083 2424 1220 2462 B¹HM.
1241 2424 1391 2459 addidit
1415 2424 1468 2458 Β·2
1489 2425 1524 2458 in
1547 2424 1732 2468 nmryine,

179 2476 324 2522 prcium
361 2477 419 2517 B-'‚
443 2476 576 2522 pilium
616 2478 694 2512 AR.
719 2477 863 2523 pylium
885 2478 931 2513 U.
970 2497 1013 2503 —
1046 2478 1089 2512 16
1120 2490 1191 2523 que
1213 2477 1292 2518 AR,
1316 2477 1416 2523 quod
1444 2477 1487 2513 B,
1511 2478 1619 2512 omis.
1642 2477 1730 2511 HM.

182 2549 217 2555 ν·-
241 2529 302 2568 ,17
324 2529 384 2564 hic
404 2529 492 2564 ΑΜ.
525 2530 630 2569 1534,
669 2531 755 2565 huic
778 2530 926 2569 BRAU.
951 2530 1037 2565 hinc
1070 2530 1155 2565 HM.
1183 2530 1252 2565 sub
1276 2530 1415 2576 remige
1440 2530 1481 2564 Γ.
1518 2551 1559 2554 -
1583 2530 1625 2564 18
1646 2543 1733 2575 pas-

175 2590 254 2618 tore
273 2583 337 2617 sed
359 2583 448 2624 HM,
469 2583 712 2625 melib(o)eus
739 2584 819 2620 AR,
840 2583 1025 2618 melibous
1046 2584 1088 2625 B,
1107 2583 1276 2618 melibeis
1298 2583 1386 2618 HM.
1404 2604 1449 2608 —
1483 2583 1526 2618 19
1543 2590 1734 2618 cantantes

178 2635 223 2675 R,
260 2635 403 2671 alterna
436 2637 484 2677 H,
525 2637 691 2672 carmina
727 2638 756 2679 I,
790 2637 955 2672 carmine
993 2638 1032 2671 Β.
1066 2658 1107 2661 -
1160 2637 1202 2671 21
1240 2636 1417 2682 epyredia
1457 2636 1536 2676 AR,
1583 2636 1662 2671 diui
1695 2636 1732 2671 J.

178 2688 322 2728 Dousa,
344 2688 543 2725 diusaieO.
565 2711 608 2714 —
624 2690 669 2724 22
687 2703 857 2736 quaeque
875 2690 903 2730 I,
927 2703 1076 2736 quoque
1100 2690 1127 2724 Β
1172 2690 1274 2724 -23
1293 2690 1384 2724 alias
1404 2690 1589 2729 BR,alios
1610 2690 1732 2725 ceteri.

178 2748 237 2776 ote
258 2741 295 2784 B,
318 2749 372 2776 tot
389 2742 477 2782 HM,
500 2749 603 2778 tanto
620 2743 773 2778 ARMed
796 2743 839 2779 U.
865 2763 903 2768 —
929 2744 973 2777 24
995 2743 1108 2777 altera
1127 2742 1306 2787 Scaliger.
1329 2743 1423 2777 alter
1452 2742 1566 2779 ΒΑΜ,
1589 2742 1733 2776 alterno

178 2795 223 2834 U,
246 2795 345 2829 fama
366 2795 408 2831 B.
433 2795 569 2830 famam
593 2797 621 2839 Ι,
640 2810 720 2830 esse
748 2796 861 2835 BRU.
891 2797 975 2842 ipse·
998 2796 1206 2831 HAMMed.
1230 2816 1276 2820 —
1301 2796 1346 2831 25
1366 2795 1604 2841 exsperidum
1629 2795 1673 2834 R.
1696 2796 1732 2830 ni

179 2848 295 2887 BHU,
319 2848 356 2882 in
393 2848 598 2884 ARMMed.
622 2871 664 2874 —
692 2850 737 2884 26
758 2850 948 2884 uolucrem
971 2849 999 2889 I,
1038 2862 1187 2884 uocrem
1213 2850 1254 2889 B,
1289 2849 1525 2894 hypomenen
1567 2849 1608 2887 B,
1642 2848 1733 2894 hyp-

177 2915 327 2946 pomem
362 2902 409 2939 H.
429 2915 655 2947 51³0nianem
674 2903 753 2941 AR,
778 2903 1045 2948 hippomenem
1074 2903 1123 2939 M.
1156 2902 1425 2948 hippomanem
1457 2901 1500 2936 U.
1527 2922 1568 2926 —
1595 2902 1638 2936 27
1661 2915 1732 2936 ouo

178 2954 254 2990 BR.
285 2968 356 2989 ono
379 2955 426 2994 H,
457 2968 525 2989 eno
553 2956 596 2989 A.
641 2976 658 2979 ·>
698 2957 742 2990 28
764 2956 966 3001 Cassiopea
998 2956 1083 3001 polo
1118 2955 1161 2993 B,
1196 2955 1361 3001 cassipea
1386 2954 1470 3000 polo
1493 2954 1538 2995 L',
1560 2955 1729 3000 cassieq;

176 3007 326 3053 appollo
348 3008 372 3042 l.
399 3029 436 3034 -—
459 3009 503 3042 29
536 3008 717 3043 inuictum
739 3022 818 3053 0510,
843 3009 1004 3043 multum
1026 3010 1072 3046 (),
1106 3022 1289 3053 equorum
1311 3007 1390 3045 AR,
1421 3021 1579 3053 quorum
1610 3008 1730 3042 BHM.

178 3079 221 3085 —
237 3060 283 3095 30
303 3060 482 3106 optabant
507 3061 533 3099 l,
557 3060 736 3096 obtabant
759 3062 802 3101 B,
825 3061 926 3106 quod
946 3062 977 3095 Ο
1019 3082 1056 3085 ψ
1088 3061 1128 3096 31
1154 3060 1277 3106 generi
1301 3062 1407 3095 omis.
1434 3060 1477 3100 U,
1502 3060 1594 3106 proli
1618 3073 1731 3106 quam

175 3112 221 3152 U,
241 3113 379 3159 impius
406 3114 484 3154 ΒΗ,
522 3114 642 3159 ipsius
669 3114 875 3149 ARMMed.
915 3135 956 3139 —
997 3115 1042 3149 32
1082 3114 1239 3149 immitis
1266 3113 1488 3151 Subbudim',
1517 3114 1651 3148 similis
1682 3113 1730 3149 Ο.

176 3166 282 3201 fulsit
305 3166 348 3201 l’i.
