2201 3643
443 242 500 285 86
887 257 1084 285 PRIAPEA
1117 256 1174 285 ET
1206 255 1539 285 EPIGRAMMATA

1187 470 1247 512 III

560 614 728 671 Aspice
749 630 887 670 quem
910 612 1067 657 ualido
1093 612 1345 656 subnixum
1373 611 1519 667 gloria
1547 626 1686 667 regno

678 685 832 728 Altius
854 693 895 729 et
915 684 1028 728 caeli
1052 683 1241 727 sedibus
1264 682 1502 726 extulerat.

559 756 805 800 Terrarum
831 755 905 799 hic
925 755 1045 799 bello
1068 769 1287 810 magnum
1316 761 1612 797 concusserat
1640 752 1817 797 orbem.

680 827 766 870 Hic
794 841 919 882 reges
937 825 1073 869 Asiae
1096 825 1303 879 fregerat,
1334 823 1410 867 hic
1438 823 1638 880 populos
1661 839 1670 872 ;
2197 839 2201 881 <²

473 913 499 941 ὲ)
562 898 649 941 Hic
676 912 812 953 graue
842 900 1082 941 seruitium
1110 895 1194 938 tibi
1224 898 1332 945 iam,
1356 893 1458 948 tibi,
1477 895 1641 945 Roma,
1662 893 1834 938 ferebat
1855 921 1912 925 —

683 969 841 1012 Cetera
874 983 1074 1023 namque
1102 969 1190 1009 uiri
1211 965 1404 1022 cuspide
1432 965 1733 1009 conciderant
1759 991 1808 997 -

565 1041 683 1084 Cum
713 1039 868 1082 subito
902 1042 948 1081 in
978 1037 1131 1081 medio
1159 1053 1312 1080 rerum
1337 1039 1588 1080 certamine
1605 1052 1823 1093 praeceps

683 1111 882 1163 Corruit,
908 1126 929 1152 e
964 1112 1111 1165 patria
1139 1107 1303 1165 pulsus
1337 1111 1384 1151 in
1408 1107 1616 1152 exilium.

565 1182 674 1225 Tale
698 1181 808 1225 deae
833 1196 1020 1229 numen,
1042 1180 1123 1224 tali
1152 1179 1366 1224 mortalia
1385 1186 1501 1222 nutu

452 1254 506 1298 10
687 1252 848 1296 Fallax
877 1259 1113 1296 momento
1138 1254 1360 1308 temporis
1381 1249 1493 1295 hora
1521 1249 1627 1293 tulit
1657 1253 1665 1292 !
2196 1282 2201 1312 4

2199 1418 2201 1427 ,

2198 1454 2201 1466 Ι

2200 1521 2201 1531 ,

2195 1564 2201 1608 ‘1

2199 1627 2201 1658 4

2198 1662 2201 1697 ἱ

2197 1703 2201 1733 ⁴.

2198 1760 2201 1800 l

2200 1818 2201 1831 l

2198 1857 2201 1870 4

2198 1874 2201 1884 .

1200 1458 1258 1502 IV

568 1611 875 1668 Quocumque
898 1613 962 1654 ire
984 1609 1137 1654 ferunt
1152 1613 1308 1654 uariae
1331 1626 1415 1654 nos
1436 1618 1642 1668 tempora
1667 1615 1807 1662 uitae,

655 1682 860 1738 Tangere
888 1698 1005 1739 quas
1027 1689 1171 1726 terras
1191 1699 1402 1739 quosque
1425 1683 1583 1726 uidere
1606 1683 1837 1735 homines,

565 1754 856 1810 Dispeream,
888 1757 926 1797 si
948 1761 990 1797 te
1012 1753 1149 1798 fuerit
1177 1753 1291 1797 mihi
1322 1757 1472 1798 carior
1493 1754 1623 1798 alter.

682 1824 810 1869 Alter
836 1829 960 1869 enim
988 1829 1068 1883 qui
1091 1833 1132 1869 te
1154 1825 1336 1869 dulcior
1356 1842 1454 1869 esse
1483 1833 1649 1882 potest,

467 1897 494 1940 5
558 1896 644 1941 Cui
669 1899 828 1940 iuueni
858 1905 962 1940 ante
981 1897 1097 1941 alios
1126 1896 1224 1940 diui
1247 1896 1506 1955 diuumque
1533 1914 1733 1941 sorores

682 1968 859 2014 Cuncta
879 1985 1027 2026 neque
1050 1968 1259 2024 indigno,
1289 1968 1440 2015 Musa,
1472 1968 1636 2012 dedere
1660 1969 1797 2020 bona,

565 2040 743 2083 Cuncta
765 2039 937 2096 quibus
965 2039 1134 2096 gaudet
1157 2039 1324 2083 Phoebi
1354 2039 1733 2098 chorusipseque
1764 2040 2006 2086 Phoebus?

682 2111 875 2156 Doctior
902 2127 928 2155 o
949 2114 1054 2170 quis
1077 2119 1134 2154 te.
1166 2111 1319 2166 Musa,
1351 2111 1495 2155 fuisse
1516 2119 1665 2169 potest
1681 2116 1701 2154 ί)

566 2182 603 2225 O
627 2185 732 2239 quis
756 2190 797 2226 te
821 2186 867 2226 in
898 2185 1028 2226 terris
1051 2182 1259 2240 loquitur
1281 2182 1537 2226 iucundius
1560 2199 1654 2226 uno
1675 2186 1694 2225 ζ)

450 2254 506 2297 10
687 2254 789 2297 Clio
818 2271 925 2298 nam
955 2271 1035 2310 per
1061 2262 1103 2297 te
1131 2253 1331 2297 candida
1358 2271 1449 2298 non
1477 2254 1684 2311 loquitur
1700 2257 1718 2296 ζ)

565 2325 718 2380 Quare
739 2325 855 2369 illud
884 2329 996 2369 satis
1024 2333 1089 2368 est
1119 2328 1156 2368 si
1185 2332 1224 2368 te
1245 2328 1474 2381 permittis
1503 2328 1654 2368 amari
1684 2344 1693 2375 ;

679 2396 797 2441 Nam
822 2404 996 2443 contra,
1021 2404 1069 2439 ut
1092 2399 1149 2439 sit
1166 2412 1296 2440 amor
1325 2404 1515 2440 mutuus
1550 2396 1672 2440 unde
1700 2395 1818 2439 mihi
1843 2401 1863 2440 i>

496 2610 560 2646 ΙΙΙ.
584 2610 751 2646 1Valido
770 2610 852 2651 BH,
873 2609 984 2646 uideo
998 2610 1206 2646 celeri.—-2
1225 2623 1243 2645 e
1266 2609 1316 2650 M,
1339 2609 1407 2645 celi
1424 2609 1506 2653 BH,
1526 2609 1628 2655 regni
1651 2610 1771 2645 ceteri.
1796 2630 1834 2635 —
1857 2611 1877 2645 4
1893 2623 2009 2656 popu-

449 2664 506 2699 lus
522 2664 566 2699 ll.
587 2685 628 2689 —
649 2664 671 2699 5
689 2664 872 2698 seruitum
893 2663 940 2705 H,
956 2663 1026 2699 tibi
1050 2664 1123 2698 iam
1142 2663 1211 2698 tibi
1234 2663 1352 2698 Roma
1372 2663 1399 2705 I,
1423 2663 1492 2698 tibi
1507 2663 1580 2698 iani
1600 2663 1719 2698 Roma
1742 2663 1785 2706 B,
1802 2663 1943 2698 ferebat
1961 2663 2009 2702 O,

449 2718 614 2753 minatur
635 2717 678 2753 U.
702 2737 747 2742 —
764 2719 785 2751 8
806 2731 824 2752 e
845 2717 923 2758 AR,
945 2724 980 2752 et
1005 2716 1217 2753 ΒΗΜΗ--α
1238 2716 1259 2751 9
1281 2716 1393 2752 deum
1416 2729 1554 2752 numen
1575 2716 1720 2752 UV¹.—
1744 2717 1785 2752 10
1800 2716 1887 2752 tulit
1908 2716 2010 2753 Nett-

448 2771 582 2816 leship,
602 2770 705 2806 dedit
728 2772 772 2805 (7).

500 2825 557 2859 lv,
577 2825 587 2858 l
606 2826 853 2870 Quocumque
875 2824 926 2858 ire
948 2823 1070 2858 serunt
1084 2824 1111 2861 Ι,
1127 2823 1392 2869 quodcumque
1413 2823 1451 2858 hi
1474 2826 1639 2859 referunt
1659 2824 1698 2858 B.
1718 2824 1956 2869 ——2tangere
1969 2823 2009 2865 Β,

451 2891 609 2924 pangere
626 2879 652 2919 I,
673 2878 814 2914 uideris
836 2878 881 2913 ll.
907 2899 948 2903 —
969 2878 991 2913 3
1010 2878 1215 2924 disperiam
1239 2878 1285 2913 Il.
1309 2899 1347 2902 —
1372 2879 1393 2911 Γ)
1414 2879 1471 2914 cui
1493 2879 1618 2914 iuueni
1644 2878 1685 2920 B,
1708 2877 1766 2912 cui
1789 2877 1967 2912 conuenit
1983 2877 2010 2912 Ι,

451 2933 528 2967 diui
548 2932 755 2977 diuumque
784 2933 895 2967 omis.
921 2931 1088 2969 ARMed,
1113 2945 1260 2966 sorores
1282 2932 1324 2968 B,
1349 2931 1492 2967 furores
1510 2933 1536 2967 I.
1555 2953 1595 2958 —
1613 2932 1634 2965 ὓ
1653 2931 1758 2966 Musa
1779 2930 1866 2965 Md.
1908 2930 2011 2966 1517,

450 2985 633 3021 multuo,
667 3007 709 3010 -
738 2986 758 3020 7
784 2985 946 3029 gaudent
969 2985 1048 3026 AR,
1080 2984 1197 3020 Phebi
1237 2984 1374 3020 chorus
1414 2985 1569 3031 ipseque
1610 2984 1761 3020 Phebus
1798 2984 1839 3021 B,
1875 2983 2011 3019 chorus

449 3039 556 3074 omis.
585 3039 611 3076 l.
642 3038 759 3073 Phebi
785 3039 871 3080 HM,
896 3038 1033 3073 Phebei
1054 3038 1132 3073 AR.
1162 3059 1194 3062 ff
1222 3038 1243 3072 8
1277 3039 1382 3073 Muse
1406 3038 1491 3073 HM.
1525 3060 1568 3063 -
1592 3040 1634 3073 10
1655 3038 1728 3073 clio
1750 3051 1836 3072 nam
1859 3038 1902 3078 Α,
1925 3037 2010 3072 clio—

449 3105 534 3126 nani
557 3092 599 3131 B,
622 3091 859 3137 clionamque
882 3091 925 3133 R,
959 3091 1134 3126 Elionam
1158 3091 1244 3132 HM,
1268 3104 1334 3137 per
1354 3098 1389 3126 tc
1412 3091 1577 3128 &alueus
1599 3098 1697 3128 certe
1719 3091 1767 3134 O,
1794 3104 1868 3126 non
1897 3090 1941 3125 Ο.
1967 3111 2011 3115 -

450 3146 491 3179 12
521 3152 673 3180 mutuus
695 3145 773 3187 AR,
798 3145 957 3180 mittuus
980 3145 1022 3189 B,
1046 3151 1187 3180 nutuus
1206 3144 1254 3188 H,
1280 3145 1428 3180 nutrius
1449 3145 1497 3180 M.
