2201 3643
769 303 1095 332 EPIGRAMMATA
1230 292 1233 295 “
1651 294 1706 334 93

394 389 554 442 Datur,
580 391 774 448 superbe
794 392 1037 439 Noctuine,
1068 409 1207 448 quam
1233 396 1363 448 petis.

481 461 585 505 Sed,
616 478 642 505 o
670 461 864 519 superbe
891 463 1135 508 Noctuine,
1162 479 1251 506 non
1275 463 1405 506 uides

333 532 359 575 ἶ)
394 533 522 576 Duas
545 532 712 577 habere
735 533 853 577 filias
872 533 1083 576 Atilium.

394 603 598 657 l)uas,et
626 603 745 648 hauc
772 612 813 647 et
839 604 1047 654 alteram,
1078 603 1161 647 tibi
1191 604 1286 647 dari
1309 609 1329 647 ⁸?

478 674 647 718 Adeste
679 689 817 718 nunc.
848 674 1002 718 adeste
1034 674 1200 721 :ducit‚
1232 682 1280 717 ut
1307 673 1450 725 dccet,

392 747 628 802 Superbus
650 764 752 791 ecce
776 748 1036 791 Noctuinus
1060 747 1283 790 hirneam.
1404 758 1407 759 ’

391 816 635 861 Thalassio
661 816 933 861 {Thalassio
957 820 963 859 l
988 817 1235 860 Thalassio
1261 823 1267 859 ἶ

877 1034 979 1078 XIII

328 1191 478 1234 Iacere
501 1206 588 1240 me,
622 1189 747 1246 quod
768 1189 859 1233 alta
889 1206 978 1234 non
1003 1193 1194 1247 possim,
1223 1199 1374 1247 putas,

478 1261 537 1304 Ut
556 1269 660 1304 ante
689 1265 860 1305 uectari
884 1261 994 1305 freta

326 1333 420 1376 Nec
438 1333 550 1376 serre
572 1331 741 1375 durum
765 1333 907 1388 frigus
926 1341 1005 1376 aut
1025 1341 1202 1376 aestum
1225 1335 1317 1389 pati

475 1404 634 1460 Neque
662 1420 788 1447 arma
824 1408 1014 1448 uictoris
1038 1408 1183 1460 sequi.

267 1476 294 1518 ἶ)
326 1475 508 1530 Valent,
539 1475 693 1518 ualent
722 1475 836 1518 mihi
866 1479 929 1518 ira
952 1479 1228 1531 etantiquus
1257 1476 1381 1519 l'uror

476 1546 531 1589 Et
563 1545 718 1601 lingua
738 1562 827 1602 qua
850 1546 1000 1589 adsim
1020 1546 1119 1590 tibi.

326 1617 384 1661 At
407 1620 676 1673 prostitutae
698 1625 829 1673 turpe
853 1617 1211 1661 contubernium

477 1688 655 1731 Sororis
686 1690 725 1731 ‘o
744 1687 857 1744 quid
878 1705 948 1731 me
976 1691 1157 1739 incitas,

331 1757 471 1813 Quid,
496 1758 728 1815 impudice
750 1767 791 1802 et
820 1758 1123 1815 improbande
1152 1760 1339 1803 Caesari
1367 1763 1404 1810 ⁸2)

239 1830 295 1872 10
472 1830 561 1873 Seu
589 1830 707 1873 furta
736 1830 950 1873 dicantur
970 1838 1046 1873 tua

333 1900 388 1944 Et
414 1900 618 1944 helluato
651 1917 750 1944 sera
778 1904 1057 1957 patrimonio

474 1972 523 2014 In
547 1972 682 2015 fratre
707 1975 991 2028 parsimonia

325 2042 407 2086 Vel
435 2050 535 2086 acta
564 2059 705 2099 puero
727 2059 834 2087 cum
863 2047 976 2086 uiris
1005 2046 1222 2087 conuiuia

473 2115 693 2171 Udaeque
712 2131 791 2171 per
819 2131 1037 2158 somnum
1070 2122 1199 2157 nates

238 2185 291 2228 15
320 2185 375 2229 Et
402 2189 549 2230 inscio
578 2194 762 2242 repente
791 2186 1045 2230 clamatum
1071 2189 1261 2241 insuper

196 2426 218 2461 3
249 2425 375 2461 noctui
398 2439 443 2461 ne
464 2425 506 2463 B,
537 2425 662 2460 noctui
691 2438 776 2460 nam
812 2425 838 2460 I.
871 2445 914 2449 ——
948 2426 968 2459 4
989 2438 1009 2459 o
1029 2425 1070 2461 Β.
1098 2425 1203 2459 omis.
1231 2424 1259 2465 Ι,
1283 2424 1457 2459 noctuine
1479 2437 1551 2458 non
1581 2423 1701 2461 BHM,

149 2479 275 2514 noctui
312 2492 386 2514 non
418 2493 463 2514 ne
496 2478 662 2513 ARMed.
697 2499 742 2503 ——
772 2479 793 2513 6
823 2478 916 2513 duas
952 2477 1041 2512 ΑΜ.
1083 2478 1184 2514 1517.
1221 2478 1327 2512 omis.
1352 2478 1397 2511 O.
1421 2497 1465 2502 —
1491 2477 1511 2510 7
1543 2476 1647 2511 ducit
1675 2477 1701 2511 I.

148 2531 239 2566 dicit
260 2532 301 2567 B.
335 2553 376 2556 —
412 2533 434 2567 8
466 2532 667 2567 noctuinus
707 2532 749 2576 B,
793 2538 999 2566 nocturnus
1040 2532 1067 2571 Ι,
1108 2531 1278 2565 hirneam
1314 2530 1411 2570 13112,
1452 2530 1621 2565 hiernam
1652 2530 1701 2565 M,

147 2598 301 2630 yrneam
335 2584 380 2623 R,
418 2597 567 2631 ymeam
599 2586 647 2620 A.
686 2605 731 2609 —
765 2586 787 2619 9
827 2584 1026 2619 Thalassio
1062 2584 1114 2619 bis
1149 2584 1191 2624 B,
1222 2590 1273 2619 ter
1311 2582 1454 2619 Marius
1495 2582 1702 2618 Victorinus

147 2638 318 2673 Talassio
340 2638 393 2673 bis
418 2639 445 2673 Ι.
1047 2642 1051 2646 ’

194 2690 294 2726 XIII.
321 2691 470 2726 lIacere
492 2704 549 2726 me
568 2691 611 2728 B,
635 2690 793 2726 iacerem
815 2691 903 2728 HM,
926 2691 1044 2725 iacere
1060 2689 1228 2732 ARMed,
1246 2690 1319 2725 alta
1344 2690 1384 2731 B,
1407 2690 1480 2724 alto
1496 2690 1703 2724 I.—2ante

148 2744 192 2785 B,
209 2750 335 2780 tantae
359 2745 386 2786 I,
411 2745 457 2786 (-i
485 2745 552 2790 M),
573 2744 714 2779 uectari
737 2744 815 2785 BR,
858 2744 996 2779 nectari
1018 2744 1099 2778 HA.
1123 2764 1168 2769 -—
1188 2744 1209 2778 3
1244 2750 1308 2778 aut
1345 2743 1424 2780 BH,
1455 2756 1520 2777 nec
1556 2742 1635 2776 Alz.
1659 2762 1702 2766 ——

148 2798 170 2832 4
191 2798 363 2843 necquod
392 2798 480 2833 HM.
504 2819 540 2822 —
572 2798 667 2833 5i1‘a
690 2804 726 2833 et
750 2797 840 2832 ΑΜ.
884 2797 987 2833 1517.
1023 2797 1116 2832 irate
1152 2797 1194 2837 B,
1242 2810 1279 2831 re
1300 2803 1336 2831 et
1376 2797 1388 2831 Ι
1423 2817 1468 2820 -
1487 2796 1508 2830 (i
1529 2795 1650 2830 adsim
1674 2796 1701 2835 Ι,

148 2850 263 2886 assim
286 2851 328 2885 B'.
356 2871 397 2876 ——
423 2851 443 2885 7
462 2857 499 2886 at
520 2864 585 2896 egyo
607 2858 642 2885 et
670 2852 716 2891 ()‚
739 2851 940 2897 prostitute
963 2851 1003 2891 B,
1028 2850 1182 2896 prestite
1214 2850 1239 2887 I,
1276 2849 1385 2884 turbe
1408 2849 1492 2883 HM.
1512 2869 1553 2872 —-
1577 2849 1598 2882 8
1618 2862 1639 2882 o
1662 2849 1689 2882 l}

149 2905 256 2939 omis.
281 2904 308 2943 I,
331 2903 432 2949 quod
452 2904 497 2939 R.
519 2924 565 2928 —
590 2905 612 2939 9
638 2911 672 2939 et
694 2904 800 2939 omis.
837 2904 924 2944 HM,
946 2903 1086 2938 caesari
1123 2903 1166 2941 ll,
1201 2903 1337 2937 cesaris
1375 2901 1505 2938 mled.
1530 2914 1636 2936 cesar
1657 2902 1701 2935 A.

148 2956 265 2991 esaris
286 2956 371 2991 HM.
402 2957 593 2991 -10seu
618 2956 658 2997 Β,
683 2956 748 2991 sed
768 2956 795 2995 Ι,
828 2956 956 2990 furtim
979 2956 1010 2989 II
1050 2976 1085 2980 -
1112 2956 1147 2989 11
1180 2955 1344 2989 liclluato
1372 2968 1451 2989 sera
1479 2953 1566 2989 Αἶά.
1600 2954 1701 2994 1517,

149 3008 245 3044 helle
265 3015 371 3044 vatos
388 3022 452 3044 era
489 3009 532 3049 B,
555 3009 701 3044 eleuato
739 3022 819 3044 sera
861 3009 947 3043 HM.
984 3008 1106 3043 leuato
1147 3021 1227 3042 sera
1255 3008 1283 3042 R
1339 3008 1478 3042 leuatos
1505 3020 1564 3041 era
1587 3007 1629 3040 A.
1659 3027 1703 3030 ——

151 3062 245 3096 12in
268 3062 380 3097 fratre
403 3063 431 3099 Ι,
462 3062 596 3097 init-ate
617 3063 660 3103 B,
684 3062 929 3107 parisimonia
949 3062 996 3095 II.
1017 3081 1061 3086 --
1099 3062 1141 3095 13
1174 3061 1347 3095 conuiuia
1387 3061 1467 3097 BH,
1489 3060 1703 3095 communia

149 3114 315 3150 ARMed.
337 3136 382 3140 --
405 3115 445 3150 14
462 3117 625 3161 utdeque
669 3115 740 3149 HM
763 3121 803 3150 ut
827 3115 906 3151 AR,
943 3127 1118 3149 somnum
1156 3114 1197 3151 B,
1222 3113 1411 3149 somnium
1436 3114 1461 3155 I,
1495 3120 1598 3148 nates
1621 3112 1702 3156 BH,

148 3174 254 3203 uates
273 3169 394 3204 ceteri.
420 3189 458 3194 —
491 3169 532 3203 15
553 3182 572 3204 e
592 3168 636 3203 R.
