2201 3643
444 260 518 288 xvl
888 259 1083 288 PRIAPEA
1116 257 1173 286 ET
1207 258 1539 287 EPIGRAMMATA

535 349 576 385 V.
615 349 768 385 Ussani.
804 370 849 375 —
877 349 1035 394 Veryilio
1071 349 1327 384 innamorato.
1363 348 1447 383 Riv.
1484 347 1521 382 di
1563 347 1679 382 storia
1716 346 1853 387 antica,
1889 346 1993 387 1899,

585 417 620 449 p.
660 403 780 438 38-51.
823 403 1014 446 (L'auteur
1051 408 1181 437 trouve
1220 415 1267 437 au
1307 401 1492 436 co'ntraire
1528 414 1573 435 en
1610 400 1749 445 Virgile
1787 413 1837 435 un
1876 399 1995 445 grand

584 456 784 502 passionne'
826 462 860 490 et
896 455 990 490 dans
1029 468 1095 490 son
1134 468 1260 490 oeuvre
1302 454 1417 489 l'echo
1456 453 1544 489 d’un
1581 466 1714 488 amour
1740 452 1990 488 malheureux.

583 509 721 544 Article
742 508 893 544 curieux
911 515 946 543 et
967 512 1242 553 romanesquc.)

535 563 569 598 J.
606 563 795 598 Zwioker.
820 582 862 587 —
895 561 951 596 De
985 561 1176 597 uocabulis
1212 566 1245 596 et
1280 560 1386 595 rebus
1422 559 1570 605 9allicis
1606 559 1683 595 siue
1723 558 1994 605 transpadanis

583 615 686 662 apud
713 615 924 661 Veryilium.
951 614 1111 649 Dissert.
1136 613 1301 660 Leipzig,
1327 613 1417 648 1905
1455 612 1665 658 (Quelques
1698 624 1809 659 pages
1841 613 1995 648 intkres-

581 676 706 704 santes
740 681 805 703 sur
835 667 888 703 les
924 671 1050 713 pofetes
1084 666 1264 713 cisalpins
1297 666 1602 712 contemporains
1637 665 1682 701 de
1715 665 1862 701 Catulle
1887 672 1923 701 et
1949 665 1995 701 de

582 721 749 767 Virgile.)

535 777 574 810 A.
597 775 784 810 Brauner.
811 795 845 800 -
866 773 920 809 De
940 787 1005 809 usu
1035 773 1185 819 Veryilii
1199 786 1281 808 cum
1300 772 1556 818 familiaribus
1577 784 1776 818 eorumque
1796 772 1833 807 ui
1850 771 1901 807 ad
1917 772 1995 807 eius

580 829 800 873 facultatem
835 828 1022 874 poeticam
1057 826 1298 862 eoecolendam
1329 839 1424 872 quae
1461 840 1483 861 a
1518 826 1701 862 ueteribus
1732 825 1887 871 prodita
1923 827 1995 861 sint

581 882 727 928 collc9it
760 887 871 927 atque
907 881 1126 916 illustrauit.
1157 881 1285 926 Progr.
1323 880 1469 916 Pettau.
1506 880 1609 915 1911.
1644 880 1764 921 (Liste
1797 878 1994 915 commode

580 936 645 971 des
665 935 759 970 amis
786 934 830 970 de
852 934 990 980 Virgile
1008 949 1016 975 ;
1045 934 1125 969 rien
1146 933 1374 980 d'original.)

439 1057 479 1093 B.
512 1058 606 1093 Sur
631 1057 894 1092 l'influence
920 1057 977 1092 de
1005 1056 1201 1102 Virgile.

534 1146 573 1180 D.
605 1145 860 1189 Comparetti.
889 1165 926 1171 —-
961 1144 1115 1189 Virgilio
1137 1145 1195 1179 nel
1216 1143 1338 1180 medio
1360 1158 1436 1183 evo,
1462 1145 1565 1179 1872.

531 1199 567 1233 L.
593 1199 809 1243 Valmaqqi.
833 1218 877 1222 —
903 1197 935 1232 Il
964 1197 1245 1244 Viryilianismo
1277 1198 1375 1234 nella
1409 1199 1630 1234 lelteratura
1650 1211 1822 1234 romana.
1848 1198 1930 1234 Riv.
1954 1197 1992 1234 di

579 1251 665 1292 Fil.‚
688 1252 791 1291 1890,
815 1265 850 1297 p.
874 1251 956 1286 365.

529 1306 640 1340 J.-W.
666 1306 846 1340 Mackail.
885 1325 926 1329 —
969 1303 1083 1349 Virgyil
1104 1305 1181 1340 and
1223 1305 1477 1351 Viryilianism
1500 1317 1506 1339 :
1537 1320 1558 1341 a
1592 1305 1705 1352 study
1729 1306 1773 1351 of
1789 1305 1848 1341 the
1870 1305 1994 1340 minor

572 1371 698 1402 poenis
720 1357 926 1393 attributed
950 1362 986 1392 to
1016 1357 1142 1404 Vir9il.
1169 1358 1348 1394 Classical
1371 1359 1535 1400 Review‚
1561 1359 1664 1400 1908,
1684 1373 1719 1405 p.
1743 1360 1800 1394 65.

532 1413 595 1447 Ch.
627 1412 796 1447 Pldsent..
825 1432 862 1435 —
886 1411 938 1446 Le
966 1411 1096 1447 Culex.
1121 1411 1245 1447 Etude
1272 1425 1336 1447 sur
1358 1412 1704 1448 l'alexandrinisme
1737 1413 1842 1448 latin.
1868 1411 1991 1454 Paris,

436 1592 477 1627 C.
509 1593 602 1628 Sur
628 1591 696 1626 les
725 1589 950 1626 Carmina
977 1589 1190 1635 Priapea.

529 1680 577 1716 M.
603 1680 763 1715 Schanz.
787 1701 829 1705 -—
858 1680 986 1716 Gesch.
1010 1680 1074 1716 der
1099 1681 1190 1715 rbm.
1216 1679 1440 1722 Litteratur,
1462 1680 1509 1721 II,
1533 1681 1566 1721 1,
1587 1682 1602 1721 ,Ε
1623 1680 1704 1716 320.

529 1734 701 1769 Carmelo
725 1734 818 1769 Caliv
842 1754 880 1760 ο
904 1733 1016 1770 Studi
1036 1747 1078 1768 su
1104 1733 1122 1768 I
1143 1732 1322 1779 Priapea.
1348 1733 1519 1776 Catania,
1546 1734 1650 1769 1894.
1674 1731 1815 1775 (Etude
1847 1731 1990 1778 reprise

577 1786 670 1822 dans
691 1786 744 1822 les
776 1787 886 1823 studi
916 1787 1103 1823 Letterari
1128 1801 1134 1821 :
1165 1787 1363 1833 IPriapea
1385 1801 1401 1823 e
1432 1788 1462 1822 le
1484 1788 1563 1823 loro
1585 1787 1808 1826 imitazioni,
1832 1800 1867 1833 p.
1892 1785 1989 1827 1-87‚

573 1841 728 1881 Torino,
754 1841 875 1886 1898.)

528 1895 565 1930 P.
591 1896 768 1930 eumont..
792 1916 836 1919 —
856 1894 996 1930 Article
1016 1894 1156 1941 Priape
1183 1894 1277 1930 dans
1297 1894 1330 1931 le
1351 1894 1611 1931 Dictionnaire
1630 1894 1692 1930 des
1712 1893 1927 1939 Antiquite's
1945 1892 1991 1929 de

576 1947 798 1984 Darembert
818 1955 853 1983 et
875 1948 1012 1995 Saglio.

527 2002 679 2038 Jessen.
703 2022 737 2026 —
755 2001 895 2037 Article
911 2002 1076 2047 Priapus
1097 2002 1209 2037 dans:
1231 2002 1430 2048 Ausfilhrl.
1450 2001 1619 2038 Lexilcon
1643 2000 1708 2037 der
1725 2014 1781 2046 yr.
1800 2000 1877 2036 und
1894 2002 1988 2037 rO‘m.

573 2055 804 2101 Mytlzoloyie
825 2055 870 2091 de
891 2056 1027 2092 W.-H.
1053 2056 1233 2092 Roscher.
